110081566000012649322206232206232000000010588209783ALEJANDRA LUCIA GANCEDO MU   
22    09012206232206231240920000000000655003375755750337575575020000000065502206
2301ABONO TPV 0337575575 02 AZULEJOS Y PAVIMENTOS GIJÓN 6090672105              
22    09012206232206231700110000000000002603375755750337575575020000000065502206
2301COMISIONES 0337575575 02 AZULEJOS Y PAVIMENTOS GIJÓN 6090672105             
3300815660000126493200001000000000000260000100000000006550200000001065344978    
110081566000012649322206242206242000000010653449783ALEJANDRA LUCIA GANCEDO MU   
3300815660000126493200000000000000000000000000000000000000200000001065344978    
110081566000012649322206272206272000000010653449783ALEJANDRA LUCIA GANCEDO MU   
22    0901220627220627032271000000000355120000000000B88117940000CK00010653-1    
2301COREMAMPARAS DE BANO KASSANDRA S.L.                                         
2302ES79000B88117940                   CK00010653-1                             
2303        Efecto FK22/021073/1                                                
2304                                                                            
2305RM20/0001279/4572245               1                       20140701false    
3300815660000126493200001000000000355120000000000000000000200000001029832978    
110081566000012649322206282206282000000010298329783ALEJANDRA LUCIA GANCEDO MU   
22    09012206282206281240920000000009250003375755750337575575020000000925002706
2301ABONO TPV 0337575575 02 AZULEJOS Y PAVIMENTOS GIJÓN 6091531597              
22    09012206282206281700110000000000037003375755750337575575020000000925002706
2301COMISIONES 0337575575 02 AZULEJOS Y PAVIMENTOS GIJÓN 6091531597             
22    0901220628220628032271000000000364220000000000B24285538000000043011132    
2301COREANTONIO FERNANDEZ CASTELLANOS, S.L.                                     
2302ES79000B24285538                   000043011132                             
2303        Cobro Fra. N . AS 823/1                                             
2304                                                                            
230500812578005999                     ALEJANDRA GANCEDO MUNOZ                  
22    0901220628220628124081000000000090290000005540            5540014549955018
2301COMPRA TARJ. 5540XXXXXXXX5018 G.VASCA DE EESS, S.A (GIJ-GIJON               
3300815660000126493200003000000000458210000100000000092500200000001076511978    
110081566000012649322206292206292000000010765119783ALEJANDRA LUCIA GANCEDO MU   
22    0901220629220629032271000000000296070000000000B98712748001ES53B98712748000
2301COREGME DIVISION BANOS S.L.                                                 
2302ES53001B98712748                   ES53B987127480000000000000000007253      
2303                                                                            
2304741407                             48000000000000000000725320200103false    
22    0901220629220629032271000000000159010000000000B98637101001ALEJANDRA LUCIA 
2301COREBATH STAGE                                                              
2302ES90001B98637101                   ALEJANDRA LUCIA                          
2303                                                                            
2304ALEJANDRA LUCIA                    UCIA                    20220527false    
3300815660000126493200002000000000455080000000000000000000200000001031003978    
110081566000012649322206302206302000000010310039783ALEJANDRA LUCIA GANCEDO MU   
22    0901220630220630030731000000000003800000000000A15474281001154674092000    
2301CORER CABLE Y TELECABLE SAU                                                 
2302ES28001A15474281                   154674092000                             
2303OTHR    TELECABLEJ222044165                                                 
2304                                                                            
2305160707976744                       0                       20200123false    
22    0901220630220630032271000000000046940000000000B9628952500053543499M       
2301COREMEDITERRANEA DEL BANO, S.L.                                             
2302ES89000B96289525                   53543499M                                
2303        FRA. VN/22-04464 DE FECHA 30-JUN-2022                               
2304                                                                            
230520220616110713132                                          20091031false    
22    0901220630220630032181000000000293950000000000Q2827003A0050521073310192702
2301CORETGSS. COTIZACION 005 R.E.AUTONOMOS                                      
2302ES75005Q2827003A                   052107331019270293202001030097           
2303GOVTGOVTPERIODO LIQUIDACION: 06/2022-06/2022                                
2304                                                                            
2305220600533101927029316211           GANCEDO MUNOZ ALEJANDRA LUCIA            
22    0901220630220630032181000000000002820000000000Q2827003A0050521073310192702
2301CORETGSS. COTIZACION 005 R.E.AUTONOMOS                                      
2302ES75005Q2827003A                   052107331019270293202001030097           
2303GOVTGOVTPERIODO LIQUIDACION: 09/2021-09/2021                                
2304                                                                            
230522060053310192702932K110           GANCEDO MUNOZ ALEJANDRA LUCIA            
22    0901220630220630030731000000000048050000000000A15474281000108865301001    
2301CORER CABLE Y TELECABLE, SAU                                                
2302ES28000A15474281                   108865301001                             
2303OTHR    TELECABLEJ220029433     DP1600717779                                
2304                                                                            
230510886530                           ALEJANDRA LUCIA GANCEDO MUOZ             
22    0901220630220630032271000000001106950000000000B3341230500053543499M8132530
2301CORECAMACHO ASTURIAS S.L                                                    
2302ES50000B33412305                   53543499M8132530062022                   
2303        CORRESPONDE A LA FACTURA NUMERO 81325                               
2304                                                                            
230500812560034033                     ALEJANDRA LUCIA GANCEDO MUNOZ            
22    0901220630220630124081000000000015330000005540            5540014549955018
2301COMPRA TARJ. 5540XXXXXXXX5018 EL MUNDO DEL PINTOR- GIJO-GIJON               
3300815660000126493200007000000001517840000000000000000000200000000879219978    
110081566000012649322207012207012000000008792199783ALEJANDRA LUCIA GANCEDO MU   
22    0901220701220701032271000000000359670000000000B88117940000CK00010653-1    
2301COREMAMPARAS DE BANO KASSANDRA S.L.                                         
2302ES79000B88117940                   CK00010653-1                             
2303        Efecto FK22/022019/1                                                
2304                                                                            
2305RM20/0001286/4580753               1                       20140701false    
22    09012207012207010401620000000014000000000000000000000000000000000000000000
2301ORDENANTE DE LA TRANSFERENCIA :         MARIA CARMEN GARCIA LASTRA          
2302BANCO ORDENANTE :      0182             OFICINA :     4937                  
2303OBSERVACIONES : OBRA BAnO                                                   
22    0901220701220701040161000000000714000000000000000000000000                
2301BENEFICIARIO DE LA TRANSFERENCIA :      JUAN FERNANDEZ LOBO                 
2302BANCO   :  0182         OFICINA :     2800   CUENTA     :     0201589427    
2303IMPORTE :          714,00                    COMISIONES :           0,00    
2304OBSERVACIONES : Alquiler Av Schulz 28 Bajo iz                               
22    0901220701220701032141000000000060500000000000B336373490010017812002031345
2301COREASESORIAS GIJONESAS, SL                                                 
2302ES39001B33637349                   001781200203134504                       
2303        N/FRA. B-14912 DE 01/07/2022                                        
2304                                                                            
2305FRA. B-14912 01/07/2022 00178      GANCEDO MUNOZ, ALEJANDRA LUCIA           
22    09012207012207011240920000000000520003375755750337575575020000000052003006
2301ABONO TPV 0337575575 02 AZULEJOS Y PAVIMENTOS GIJÓN 6092126767              
22    09012207012207011700110000000000002103375755750337575575020000000052003006
2301COMISIONES 0337575575 02 AZULEJOS Y PAVIMENTOS GIJÓN 6092126767             
22    0901220701220701032271000000000196110000000000B987772460001000-00000100620
2301COREROYO SPAIN, SL                                                          
2302ES48000B98777246                   1000-000001006202                        
2303OTHR    1400017897No.0022146939                                             
2304                                                                            
230500812574056167                     LUCIA GANCEDO ALEJANDRA                  
3300815660000126493200005000000001330490000200000000145200200000000891370978    
88999999999999999999000115                                                      